<record><leader>00000cas a22000007a 4500</leader><controlfield tag="001">15193404</controlfield><controlfield tag="008">870213d19191926msudr ne      0    0eng d</controlfield><datafield ind1=" " ind2=" " tag="010"><subfield code="a">sn 87065131 </subfield></datafield><datafield ind1=" " ind2=" " tag="040"><subfield code="a">MJA</subfield><subfield code="b">eng</subfield><subfield code="c">MJA</subfield><subfield code="d">MSJ</subfield><subfield code="d">OCLCQ</subfield></datafield><datafield ind1=" " ind2=" " tag="042"><subfield code="a">msc</subfield></datafield><datafield ind1="0" ind2="0" tag="245"><subfield code="a">Greenwood daily commonwealth.</subfield></datafield><datafield ind1=" " ind2=" " tag="260"><subfield code="a">Greenwood, Miss. :</subfield><subfield code="b">J.L. &amp; S. Gillespie,</subfield><subfield code="c">1919-1926.</subfield></datafield><datafield ind1=" " ind2=" " tag="310"><subfield code="a">Daily (except Sunday)</subfield></datafield><datafield ind1="0" ind2=" " tag="362"><subfield code="a">Vol. 3, no. 287 (July 30, 1919)-v. 11, no. 105 (Dec. 31, 1926).</subfield></datafield><datafield ind1=" " ind2=" " tag="580"><subfield code="a">Weekly edition: Commonwealth (Greenwood, Miss. : Weekly).</subfield></datafield><datafield ind1=" " ind2=" " tag="752"><subfield code="a">United States</subfield><subfield code="b">Mississippi</subfield><subfield code="c">Leflore</subfield><subfield code="d">Greenwood.</subfield></datafield><datafield ind1="1" ind2=" " tag="775"><subfield code="t">Commonwealth (Greenwood, Miss. : Weekly)</subfield></datafield><datafield ind1="0" ind2="0" tag="780"><subfield code="t">Daily commonwealth (Greenwood, Miss.)</subfield></datafield><datafield ind1="0" ind2="0" tag="785"><subfield code="t">Greenwood commonwealth</subfield><subfield code="w">(OCoLC)10365695</subfield></datafield></record>